@comment{Main BibTeX file for LaTeX documents.}
@book{bv_convex_opt,
    title={Convex Optimization},
    author={Stephen Boyd and Lieven Vandenberghe},
    year={2004},
    publisher={Cambridge University Press}
}
@book{esl,
    title={The Elements of Statistical Learning},
    author={Trevor Hastie and Robert Tibshirani and Jerome Friedman},
    edition={Second},
    year={2009},
    publisher={Springer Science and Business Media}
}
@book{bishop_ml,
    title={Pattern Recognition and Machine Learning},
    author={Christopher M. Bishop},
    year={2006},
    publisher={Springer Science and Business Media}
}
@book{nocedal_opt,
    title={Numerical Optimization},
    author={Jorge Nocedal and Stephen J. Wright},
    year={2006},
    publisher={Springer Science and Business Media}
}
@book{stat_learn_sparsity,
    title={
        Statistical Learning with Sparsity: The Lasso and Generalizations
    },
    author={Trevor Hastie and Robert Tibshirani and Martin Wainwright},
    year={2015},
    publisher={CRC Press}
}
@article{prox_algos,
    title={Proximal Algorithms},
    author={Neal Parikh and Stephen Boyd},
    year={2013},
    journal={Foundations and Trends in Optimization},
    volume={1},
    number={3},
    pages={123--231},
    publisher={Now Publishers Inc}
}
